<?xml version="1.0" encoding="UTF-8"?><record xmlns="http://www.loc.gov/MARC21/slim" xmlns:cinclude="http://apache.org/cocoon/include/1.0" xmlns:zs="http://www.loc.gov/zing/srw/">
  <leader>00471cz  a2200133n  4500</leader>
  <controlfield tag="001">no 98085164 </controlfield>
  <controlfield tag="003">DLC</controlfield>
  <controlfield tag="005">20130620073655.0</controlfield>
  <controlfield tag="008">980513n| azannaabn          |n ana     c</controlfield>
  <datafield tag="010" ind1=" " ind2=" ">
    <subfield code="a">no 98085164 </subfield>
  </datafield>
  <datafield tag="035" ind1=" " ind2=" ">
    <subfield code="a">(OCoLC)oca04728232</subfield>
  </datafield>
  <datafield tag="040" ind1=" " ind2=" ">
    <subfield code="a">DJBF</subfield>
    <subfield code="b">eng</subfield>
    <subfield code="e">rda</subfield>
    <subfield code="c">DJBF</subfield>
    <subfield code="d">InU</subfield>
  </datafield>
  <datafield tag="110" ind1="2" ind2=" ">
    <subfield code="a">International Monetary Fund.</subfield>
    <subfield code="b">Bureau of Language Services.</subfield>
    <subfield code="b">Russian Division</subfield>
  </datafield>
  <datafield tag="670" ind1=" " ind2=" ">
    <subfield code="a">IMF glossary, 1998:</subfield>
    <subfield code="b">foreword (International Monetary Fund, Bureau of Language Services, Russian Division)</subfield>
  </datafield>
</record>